@online{Bitk12,
	author = {Jörg Bartel, Dr. Bernd Pfitzinger, u.a},
	year = {2014},
	title  = {Big Data im Praxiseinsatz – Szenarien, Beispiele, Effekte},
	urldate = {2016-08-06},
	url    = {https://www.bitkom.org/Publikationen/2012/Leitfaden/Leitfaden-Big-Data-im-Praxiseinsatz-Szenarien-Beispiele-Effekte/BITKOM-LF-big-data-2012-online1.pdf},
	keywords = {online}
}

@online{Bitk14,
	author = {Jörg Bartel, Axel Mester, u.a},
	year = {2014},
	title  = {Big Data Technologien – Wissen für Entscheider},
	urldate = {2016-08-06},
	url    = {https://www.bitkom.org/Publikationen/2014/Leitfaden/Big-Data-Technologien-Wissen-fuer-Entscheider/140228-Big-Data-Technologien-Wissen-fuer-Entscheider.pdf},
	keywords = {online,image}
}

@article{VanL14,
   title = {Wissen, was läuft - Mit Laufzeitmetriken den Überblick behalten},
   volume = {10000},
   number = {11},
   journal = {Javamagazin},
   author = {Tammo van Lessen},
   year = {2014},
   pages = {48-52},
   keywords = {article}
}

@book{Marz15,
	author = {Nathan Marz, James Warren},
	year = {2015},
	title = {Big Data - Principles and best practices of scalable real-time data systems},
	isbn = {978-1-617-29034-3},
	publisher = {Manning Publications Co.},
	address = {Shelter Island, NY 11964},
	keywords = {book,image}
}

@book{Ziko12,
	author = {Paul C. Zikopoulos, Chris Eaton, et al},
	year = {2012},
	title = {Understanding Big Data - Analytics for Enterprise Class, Hadoop and Streaming Data},
	isbn = {978-0-07-179053-6},
	publisher = {The McGraw-Hill Companies},
	address = {United States of America},
	keywords = {book}
}

@book{Klepp16,
	author = {Kleppmann, Martin},
	year = {2016},
	title = {Making Sense of Stream Processing},
	isbn = {978-1-491-94010-5},
    edition = {First edition},
	publisher = {O’Reilly Media, Inc.},
	address = {Sebastopol, CA 95472},
	keywords = {book}
}

@online{Kreps13,
	author = {Jay Kreps},
	year = {2013},
	title  = {The Log: What every software engineer should know about real-time data's unifying abstraction},
	urldate = {2016-08-18},
	url    = {https://engineering.linkedin.com/distributed-systems/log-what-every-software-engineer-should-know-about-real-time-datas-unifying},
	keywords = {online}
}

@online{Dys13,
	author = {Tim O'Reilly},
	year = {2013},
	title  = {George Dyson's Definition of "Big Data"},
	urldate = {2016-08-18},
	url    = {https://plus.google.com/+TimOReilly/posts/Ej72QmgdJTf},
	keywords = {online}
}

@online{Csa14,
	author = {Cloud Security Alliance - Big Data Working Group},
	year = {2014},
	title  = {Big Data Taxonomy},
	urldate = {2016-08-18},
	url    = {https://downloads.cloudsecurityalliance.org/initiatives/bdwg/Big_Data_Taxonomy.pdf},
	keywords = {online,image}
}

@article{Nam15,
   title = {On Big Data Stream Processing},
   number = {1},
   journal = {International Journal of Open Information Technologies},
   author = {Dmitry Namiot},
   year = {2015},
   pages = {48-51},
   keywords = {article}
}

@online{Kafka16,
	author = {Kafka},
	year = {2016},
	title  = {Apache Kafka Documentation},
	urldate = {2016-08-18},
	url    = {http://kafka.apache.org},
	keywords = {online}
}

@online{FlinkD16,
	author = {Apache Flink},
	year = {2016},
	title  = {Apache Flink Documentation},
	urldate = {2016-08-18},
	url    = {http://flink.apache.org},
	keywords = {online}
}

@online{FlinkG16,
	author = {ApacheFlink},
	year = {2016},
	title  = {Apache Flink GitHub Account},
	urldate = {2016-08-31},
	url    = {https://github.com/apache/flink},
	keywords = {online}
}

@online{Neha11,
	author = {Jay Kreps,Neha Narkhede,Jun Rao},
	year = {2011},
	title  = {Kafka: a Distributed Messaging System for Log Processing},
	urldate = {2016-08-21},
	url    = {http://research.microsoft.com/en-us/um/people/srikanth/netdb11/netdb11papers/netdb11-final12.pdf},
	keywords = {online}
}

@online{Dartisans15,
	author  = {Robert Metzger,Kostas Tzoumas},
	title   = {Kafka + Flink: A practical, how-to guide},
	urlseen = {2016-08-06},
	url     = {http://data-artisans.com/kafka-flink-a-practical-how-to/},
	keywords = {image}
}

@online{Field00,
	author  = {Roy Fielding},
	year    = {2000},
	title   = {Architectural Styles and the Design of Network-based Software Architectures, University of California},
	urlseen = {2016-08-22},
	url     = {https://www.ics.uci.edu/~fielding/pubs/dissertation/fielding_dissertation.pdf},
	keywords = {online}
}

@online{Sun13,
	author  = {Sun Microsystems Inc},
	year    ={2016},
	title   = {JavaTM Management Extensions (JMXTM) Specification,version 1.4},
	urlseen = {2016-08-24},
	url     = {http://download.oracle.com/otndocs/jcp/jmx-1_4-mrel4-eval-spec/},
	keywords = {online}
}

@book{Sul15,
	author = {Ben G. Sullins, Mark B. Whipple},
	year = {2003},
	title = {JMX in Action},
	isbn = {1-930110-56-1},
	publisher = {Manning Publications Co.},
	address = {32 Lafayette Place, Greenwich},
	keywords = {book}
}

@book{Kreg03,
	author = {Heather Kreger, Ward Harold, Leigh Williamson},
	year = {2003},
	title = {Java TM and JMX, Building Manageable Systems},
	isbn = {978-0672324086},
	publisher = {Addison-Wesley},
	keywords = {book}
}

@book{Ebert07,
	author = {Christof Ebert, Reiner Dumke},
	year = {2007},
	title = {Software Measurement, Establish - Extract - Evaluate - Execute},
	isbn = {978-3-540-71648-8},
	publisher = {Spring-Verlag Berlin Heidelberg New York},
	keywords = {book}
}

@online{Hoeb12,
	author  = {Valentin Höbel},
	year    = {2000},
	title   = {Systemdiagnose von Vmstat über Netstat bis Dstat},
	urlseen = {2016-08-25},
	url     = {http://www.linux-magazin.de/Ausgaben/2012/05/Dstat-Co},
	keywords = {online}
}

@online{Wieers16,
	author  = {Dag Wieers},
	year    = {2016},
	title   = {Dstat: Versatile resource statistics tool},
	urlseen = {2016-08-25},
	url     = {http://dag.wiee.rs/home-made/dstat/},
	keywords = {online}
}

@online{Javadoc16,
	author  = {Oracle},
	year    = {2016},
	title   = {Java Platform, Standard Edition 8 API Specification},
	urlseen = {2016-08-25},
	url     = {https://docs.oracle.com/javase/8/docs/api/java/lang/management/package-summary.html},
	keywords = {online}
}

@book{Daqua13,
	author = {Detlef Apel, Wolfgang Behme, et al},
	year = {2013},
	title = {Datenqualität erfolgreich steuern - Praxislösungen für Business-Intelligence-Projekte},
	isbn = {978-3446420564},
	publisher = {dpunkt.verlag GmbH, Heidelberg},
	keywords = {book}
}

@online{SpringB16,
	author  = {Phillip Webb, Dave Syer, et al},
	year    = {2016},
	title   = {Spring Boot Reference Guide},
	urlseen = {2016-08-29},
	url     = {http://docs.spring.io/spring-boot/docs/1.4.0.RELEASE/reference/htmlsingle},
	keywords = {online}
}

@book{Java8,
	author = {Raoul-Gabriel Urma,Mario Fusco, et al},
	year = {2013},
	title = {Java 8 in Action - Lambdas, streams and functional-style programming},
	isbn = {978-1617291999},
	publisher = {Manning Publications Co.},
	address = {Shelter Island, NY 11964},
	keywords = {book}
}








@book{Knappen2009,
	author = {Knappen, Joerg},
	year = {2009},
	title = {Schnell ans Ziel mit LATEX 2e - },
	edition = {ueberarbeitete und erweiterte Auflage},
	isbn = {978-3-486-59015-9},
	publisher = {Oldenbourg Verlag},
	address = {Muenchen},
	keywords = {book}
}

@online{PEXELS2015,
	author  = {PEXELS},
	title   = {Black and white branches tree},
	urlseen = {2015-10-06},
	url     = {https://www.pexels.com/photo/black-and-white-branches-tree-high-279/},
	keywords = {image}
}

@online{Google2015,
	author = {Google},
	title  = {Google},
	urldate = {2015-10-06},
	url    = {http://www.google.de},
	keywords = {online}
}